<record xmlns="http://www.loc.gov/MARC21/slim" xmlns:xsi="http://www.w3.org/2001/XMLSchema-instance" xsi:schemaLocation="http://www.loc.gov/MARC21/slim http://www.loc.gov/standards/marcxml/schema/MARC21slim.xsd">

  <leader>01544nab a2200169   4500</leader>
  <controlfield tag="005">20160831161224.0</controlfield>
  <controlfield tag="008">160420b2010    cr f|||| |||| 00| 0 spa d</controlfield>
  <datafield ind2=" " tag="090" ind1=" ">
    <subfield code="a">REVIS 06.02.01</subfield>
  </datafield>
  <datafield ind2=" " ind1="1" tag="100">
    <subfield code="9">1566</subfield>
    <subfield code="a">Luján Ferrer, Manuel Enrique</subfield>
  </datafield>
  <datafield tag="245" ind1="1" ind2="3">
    <subfield code="a">La administración de la educación no formal aplicada  a las organizaciones sociales: Aproximaciones teórico-prácticas /</subfield>
    <subfield code="c">Manuel Enrique Luján Ferrer</subfield>
  </datafield>
  <datafield ind1=" " tag="260" ind2=" ">
    <subfield code="a">San José, Costa Rica : </subfield>
    <subfield code="b">Editorial Universidad de Costa Rica,</subfield>
    <subfield code="c">2010</subfield>
  </datafield>
  <datafield ind2=" " ind1=" " tag="300">
    <subfield code="a">páginas 101-118</subfield>
  </datafield>
  <datafield ind2=" " tag="520" ind1=" ">
    <subfield code="a">En el artículo se analiza el quehacer de la administración de la educación no formal en dos dimensiones fundamentales: una relacionada con la administración en general, que incluye la formulación, el diseño, la organización, la ejecución, el monitoreo y la evaluación de los planes, programas y proyectos, según sus actividades y tareas; la otra, vinculada a factores socioeducativos y pedagógicos, donde predominan los procesos de enseñanza y aprendizaje inherentes a las acciones de esa modalidad educativa. Asimismo, se define conceptualmente la educación no formal, informal y formal, así como los ámbitos de acción de la educación no formal y sus principales proyecciones para lograr insertarse en programas atinentes a las condiciones y necesidades de las diversas poblaciones</subfield>
  </datafield>
  <datafield tag="650" ind1="1" ind2="4">
    <subfield code="9">1</subfield>
    <subfield code="a">EDUCACIÓN</subfield>
  </datafield>
  <datafield ind1="0" tag="773" ind2=" ">
    <subfield code="d">San José, Costa Rica : Editorial de la Universidad de Costa Rica, 1997-</subfield>
    <subfield code="o">R0313</subfield>
    <subfield code="t">EDUCACIÓN: Revista de la Universidad de Costa Rica</subfield>
    <subfield code="g">Vol.34, no.1 (2010)</subfield>
  </datafield>
  <datafield tag="942" ind1=" " ind2=" ">
    <subfield code="2">z</subfield>
    <subfield code="c">10</subfield>
  </datafield>
  <datafield ind2=" " tag="999" ind1=" ">
    <subfield code="c">3122</subfield>
    <subfield code="d">3122</subfield>
  </datafield>
</record>